<?xml version="1.0" encoding="UTF-8"?><collection xmlns="http://www.loc.gov/MARC21/slim"><record><leader>00395nam--2200133-i-4500</leader><controlfield tag="001">000041620</controlfield><controlfield tag="002">20161230</controlfield><controlfield tag="005">20161230201043</controlfield><controlfield tag="008">060222s1000------------r-----000-0-eng-d</controlfield><datafield ind1=" " ind2=" " tag="080"><subfield code="a">546.48:615.9</subfield></datafield><datafield ind1=" " ind2=" " tag="100"><subfield code="a">Silve-mamy,Gaby</subfield></datafield><datafield ind1=" " ind2=" " tag="245"><subfield code="a">Contribution a l`etude de l`intoxication experimentale par le sulfate de cadmium. these</subfield></datafield><datafield ind1=" " ind2=" " tag="260"><subfield code="a">Toulouse, Univ. Paul Sabatier, 1971. 185 P</subfield></datafield><datafield ind1=" " ind2=" " tag="852"><subfield code="a">38971</subfield></datafield></record></collection>